@article{1,
	author = {Sun, Zhaohao and Strang, Kenneth and Li, Rongping},
	title = {Big Data with Ten Big Characteristics},
	year = {2018},
	isbn = {9781450364768},
	publisher = {Association for Computing Machinery},
	address = {New York, NY, USA},
	url = {https://doi.org/10.1145/3291801.3291822},
	doi = {10.1145/3291801.3291822}
} 

@article{2,
author = {Ahmad, Nadeem and Feroz, Irum and Anjum, Arslan},
title = {Usability Analysis of Educational Information Systems from Student's Perspective},
year = {2021},
isbn = {9781450375061},
publisher = {Association for Computing Machinery},
address = {New York, NY, USA},
url = {https://doi.org/10.1145/3437075.3437104},
doi = {10.1145/3437075.3437104},
booktitle = {Proceedings of the 2020 International Conference on Big Data in Management},
location = {Manchester, United Kingdom},
}

@inproceedings{3,
author = {Freeman, Bradley and Aoki, Kumiko},
title = {ChatGPT in education: A comparative study of media framing in Japan and Malaysia},
year = {2024},
isbn = {9798400708732},
publisher = {Association for Computing Machinery},
address = {New York, NY, USA},
url = {https://doi.org/10.1145/3637989.3638020},
doi = {10.1145/3637989.3638020},
booktitle = {Proceedings of the 2023 7th International Conference on Education and E-Learning},
location = {Tokyo, Japan}
}

@article{4,
author = {Beck, Joseph and Stern, Mia and Haugsjaa, Erik},
title = {Applications of AI in education},
year = {1996},
issue_date = {September 1996},
publisher = {Association for Computing Machinery},
address = {New York, NY, USA},
url = {https://doi.org/10.1145/332148.332153},
doi = {10.1145/332148.332153},
}

@misc{5,
    author = {Gianina-Maria Petra»ôcu},
    title = {Students' Perceptions of AI in Education},
    year = {2024},
    url = {https://www.kaggle.com/datasets/gianinamariapetrascu/survey-on-students-perceptions-of-ai-in-education/data},
    note = {Accessed: 2024-06-22}
}
